@article{vae,
  title={Auto-Encoding Variational Bayes},
  author={Diederik P. Kingma and Max Welling},
  journal={CoRR},
  year={2014},
  volume={abs/1312.6114}
}
@inproceedings{zhao2019infovae,
  title={Infovae: Balancing learning and inference in variational autoencoders},
  author={Zhao, Shengjia and Song, Jiaming and Ermon, Stefano},
  booktitle={Proceedings of the AAAI Conference on Artificial Intelligence},
  volume={33},
  pages={5885--5892},
  year={2019}
}
@misc{course,
  author        = {Mahdieh Soleymani},
  title         = {Deep Learning Course Slides},
  month         = {May},
  year          = {2020},
  howpublished  = {University Lecture},
  note          = {Computer Engineering Department of Sharif University of Technology}
}